<record><leader>00000cas a22000007a 4500</leader><controlfield tag="001">17415373</controlfield><controlfield tag="008">880201d19031968ohudn ne      0    0eng d</controlfield><datafield ind1=" " ind2=" " tag="010"><subfield code="a">sn 88078235 </subfield></datafield><datafield ind1=" " ind2=" " tag="040"><subfield code="a">ONP</subfield><subfield code="b">eng</subfield><subfield code="c">ONP</subfield><subfield code="d">OCLCQ</subfield><subfield code="d">OCLCO</subfield></datafield><datafield ind1="1" ind2=" " tag="029"><subfield code="a">AU@</subfield><subfield code="b">000020493537</subfield></datafield><datafield ind1=" " ind2=" " tag="042"><subfield code="a">msc</subfield></datafield><datafield ind1=" " ind2=" " tag="043"><subfield code="a">n-us-oh</subfield></datafield><datafield ind1="0" ind2=" " tag="130"><subfield code="a">Daily reporter (Dover, Ohio : 1903)</subfield></datafield><datafield ind1="1" ind2="4" tag="245"><subfield code="a">The Daily reporter.</subfield></datafield><datafield ind1=" " ind2=" " tag="260"><subfield code="a">Canal Dover, Ohio :</subfield><subfield code="b">[Iron Valley Reporter Co.],</subfield><subfield code="c">-1968.</subfield></datafield><datafield ind1=" " ind2=" " tag="300"><subfield code="a">v.</subfield></datafield><datafield ind1=" " ind2=" " tag="310"><subfield code="a">Daily (except Sun.)</subfield></datafield><datafield ind1="1" ind2=" " tag="362"><subfield code="a">Began with July 12, 1903 issue.</subfield></datafield><datafield ind1="0" ind2=" " tag="362"><subfield code="a">-v. 165, no. 198 (Mar. 2, 1968).</subfield></datafield><datafield ind1=" " ind2=" " tag="588"><subfield code="a">Description based on: Vol. 3, no. 114 (Nov. 16, 1905).</subfield></datafield><datafield ind1=" " ind2="0" tag="651"><subfield code="a">Canal Dover (Ohio)</subfield><subfield code="v">Newspapers.</subfield></datafield><datafield ind1=" " ind2="0" tag="651"><subfield code="a">Dover (Ohio)</subfield><subfield code="v">Newspapers.</subfield></datafield><datafield ind1=" " ind2="0" tag="651"><subfield code="a">Tuscarawas County (Ohio)</subfield><subfield code="v">Newspapers.</subfield></datafield><datafield ind1=" " ind2=" " tag="752"><subfield code="a">United States</subfield><subfield code="b">Ohio</subfield><subfield code="c">Tuscarawas</subfield><subfield code="d">Dover.</subfield></datafield><datafield ind1="0" ind2="7" tag="785"><subfield code="t">Daily times (New Philadelphia, Ohio : 1903)</subfield><subfield code="w">(DLC)sn 84028896</subfield></datafield><datafield ind1="0" ind2="7" tag="785"><subfield code="t">Times-reporter (Dover, Ohio)</subfield><subfield code="w">(DLC)sn 88078243</subfield></datafield></record>